<record><leader>00000cas a22000007a 4500</leader><controlfield tag="001">12895049</controlfield><controlfield tag="008">851211d19701975pauwr ne      0    0eng d</controlfield><datafield ind1=" " ind2=" " tag="010"><subfield code="a">sn 86081212 </subfield></datafield><datafield ind1=" " ind2=" " tag="040"><subfield code="a">NPH</subfield><subfield code="b">eng</subfield><subfield code="c">NPH</subfield><subfield code="d">NSD</subfield><subfield code="d">OCLCQ</subfield></datafield><datafield ind1=" " ind2=" " tag="042"><subfield code="a">msc</subfield></datafield><datafield ind1="0" ind2=" " tag="130"><subfield code="a">Standard (Lykens, Pa.)</subfield></datafield><datafield ind1="1" ind2="4" tag="245"><subfield code="a">The standard.</subfield></datafield><datafield ind1="1" ind2="7" tag="246"><subfield code="a">Voice of the people of the Lykens and Williams Valleys</subfield></datafield><datafield ind1=" " ind2=" " tag="260"><subfield code="a">Lykens, Pa. :</subfield><subfield code="b">L.E. Hand,</subfield><subfield code="c">1970-</subfield></datafield><datafield ind1=" " ind2=" " tag="300"><subfield code="a">v. :</subfield><subfield code="b">ill.</subfield></datafield><datafield ind1=" " ind2=" " tag="310"><subfield code="a">Weekly</subfield></datafield><datafield ind1="0" ind2=" " tag="362"><subfield code="a">Vol. 72, no. 22 (June 25, 1970)-</subfield></datafield><datafield ind1="1" ind2=" " tag="362"><subfield code="a">Ceased in 1975.</subfield></datafield><datafield ind1=" " ind2=" " tag="752"><subfield code="a">United States</subfield><subfield code="b">Pennsylvania</subfield><subfield code="c">Dauphin</subfield><subfield code="d">Lykens.</subfield></datafield><datafield ind1="0" ind2="0" tag="780"><subfield code="t">Lykens standard</subfield><subfield code="w">(DLC)sn 86081211</subfield></datafield><datafield ind1="0" ind2="7" tag="785"><subfield code="t">Valley citizen (Valley View, Pa. : 1974)</subfield><subfield code="w">(DLC)sn 88079596</subfield></datafield><datafield ind1="0" ind2="7" tag="785"><subfield code="t">Citizen-standard (Valley View, Pa.)</subfield><subfield code="x">1053-489X</subfield><subfield code="w">(DLC)sn 88079597</subfield></datafield></record>